
    <zs:record>
      <zs:recordSchema/>
      <zs:recordPacking>xml</zs:recordPacking>
      <zs:recordData>
        <record xmlns="http://www.loc.gov/MARC21/slim">
          <leader>01088cam a22003011  4500</leader>
          <controlfield tag="001">6830993</controlfield>
          <controlfield tag="005">20130506123937.0</controlfield>
          <controlfield tag="008">760310s1913    enk           001 0 eng  </controlfield>
          <datafield tag="906" ind1=" " ind2=" ">
            <subfield code="a">7</subfield>
            <subfield code="b">cbc</subfield>
            <subfield code="c">oclcrpl</subfield>
            <subfield code="d">u</subfield>
            <subfield code="e">ncip</subfield>
            <subfield code="f">19</subfield>
            <subfield code="g">y-gencatlg</subfield>
          </datafield>
          <datafield tag="010" ind1=" " ind2=" ">
            <subfield code="a">   14002784 </subfield>
          </datafield>
          <datafield tag="035" ind1=" " ind2=" ">
            <subfield code="9">(DLC)   14002784</subfield>
          </datafield>
          <datafield tag="035" ind1=" " ind2=" ">
            <subfield code="a">(OCoLC)2041540</subfield>
          </datafield>
          <datafield tag="040" ind1=" " ind2=" ">
            <subfield code="a">DLC</subfield>
            <subfield code="c">NOsU</subfield>
            <subfield code="d">DLC</subfield>
          </datafield>
          <datafield tag="050" ind1="0" ind2="0">
            <subfield code="a">PN2598.B75</subfield>
            <subfield code="b">S8</subfield>
          </datafield>
          <datafield tag="100" ind1="1" ind2=" ">
            <subfield code="a">Stopes, C. C.</subfield>
            <subfield code="q">(Charlotte Carmichael),</subfield>
            <subfield code="d">1841-1929.</subfield>
          </datafield>
          <datafield tag="245" ind1="1" ind2="0">
            <subfield code="a">Burbage and Shakespeare's stage,</subfield>
            <subfield code="c">by C. C. Stopes.</subfield>
          </datafield>
          <datafield tag="260" ind1=" " ind2=" ">
            <subfield code="a">London,</subfield>
            <subfield code="b">A. Moring, ltd., The De la More press,</subfield>
            <subfield code="c">1913.</subfield>
          </datafield>
          <datafield tag="300" ind1=" " ind2=" ">
            <subfield code="a">xvi, 272 p.</subfield>
            <subfield code="c">22 cm.</subfield>
          </datafield>
          <datafield tag="504" ind1=" " ind2=" ">
            <subfield code="a">"Authorities for the facts in the story of the Burbages": p. [143]-263.</subfield>
          </datafield>
          <datafield tag="600" ind1="1" ind2="0">
            <subfield code="a">Burbage, James,</subfield>
            <subfield code="d">-1597.</subfield>
          </datafield>
          <datafield tag="600" ind1="1" ind2="0">
            <subfield code="a">Burbage, Richard,</subfield>
            <subfield code="d">1567?-1619.</subfield>
          </datafield>
          <datafield tag="600" ind1="3" ind2="0">
            <subfield code="a">Burbage family.</subfield>
          </datafield>
          <datafield tag="600" ind1="1" ind2="0">
            <subfield code="a">Shakespeare, William,</subfield>
            <subfield code="d">1564-1616</subfield>
            <subfield code="x">Stage history</subfield>
            <subfield code="y">To 1625.</subfield>
          </datafield>
          <datafield tag="650" ind1=" " ind2="0">
            <subfield code="a">Theater</subfield>
            <subfield code="z">England</subfield>
            <subfield code="x">History</subfield>
            <subfield code="y">16th century.</subfield>
          </datafield>
          <datafield tag="650" ind1=" " ind2="0">
            <subfield code="a">Theater</subfield>
            <subfield code="z">England</subfield>
            <subfield code="x">History</subfield>
            <subfield code="y">17th century.</subfield>
          </datafield>
          <datafield tag="985" ind1=" " ind2=" ">
            <subfield code="e">OCLC REPLACEMENT</subfield>
          </datafield>
          <datafield tag="985" ind1=" " ind2=" ">
            <subfield code="g">fcd</subfield>
          </datafield>
          <datafield tag="991" ind1=" " ind2=" ">
            <subfield code="b">c-GenColl</subfield>
            <subfield code="h">PN2598.B75</subfield>
            <subfield code="i">S8</subfield>
            <subfield code="t">Copy 1</subfield>
            <subfield code="w">OCLCREP</subfield>
          </datafield>
        </record>
      </zs:recordData>
      <zs:recordPosition>6</zs:recordPosition>
    </zs:record>