
    <zs:record>
      <zs:recordSchema/>
      <zs:recordPacking>xml</zs:recordPacking>
      <zs:recordData>
        <record xmlns="http://www.loc.gov/MARC21/slim">
          <leader>01275cam a2200325   4500</leader>
          <controlfield tag="001">3600471</controlfield>
          <controlfield tag="005">20040520094946.0</controlfield>
          <controlfield tag="008">730202r19731907nyu           001 0ceng  </controlfield>
          <datafield tag="035" ind1=" " ind2=" ">
            <subfield code="9">(DLC)   70176450</subfield>
          </datafield>
          <datafield tag="906" ind1=" " ind2=" ">
            <subfield code="a">7</subfield>
            <subfield code="b">cbc</subfield>
            <subfield code="c">orignew</subfield>
            <subfield code="d">1</subfield>
            <subfield code="e">ncip</subfield>
            <subfield code="f">19</subfield>
            <subfield code="g">y-gencatlg</subfield>
          </datafield>
          <datafield tag="010" ind1=" " ind2=" ">
            <subfield code="a">   70176450 </subfield>
          </datafield>
          <datafield tag="020" ind1=" " ind2=" ">
            <subfield code="a">0404062881</subfield>
          </datafield>
          <datafield tag="040" ind1=" " ind2=" ">
            <subfield code="a">DLC</subfield>
            <subfield code="c">DLC</subfield>
            <subfield code="d">DLC</subfield>
          </datafield>
          <datafield tag="043" ind1=" " ind2=" ">
            <subfield code="a">e-uk-en</subfield>
          </datafield>
          <datafield tag="050" ind1="0" ind2="0">
            <subfield code="a">PR2911</subfield>
            <subfield code="b">.S7 1973</subfield>
          </datafield>
          <datafield tag="082" ind1="0" ind2="0">
            <subfield code="a">822.3/3</subfield>
            <subfield code="a">B</subfield>
          </datafield>
          <datafield tag="100" ind1="1" ind2=" ">
            <subfield code="a">Stopes, C. C.</subfield>
            <subfield code="q">(Charlotte Carmichael),</subfield>
            <subfield code="d">1841-1929.</subfield>
          </datafield>
          <datafield tag="245" ind1="1" ind2="0">
            <subfield code="a">Shakespeare's Warwickshire contemporaries.</subfield>
            <subfield code="c">Stratford-upon-Avon, Shakespeare Head Press, 1907.</subfield>
          </datafield>
          <datafield tag="260" ind1=" " ind2=" ">
            <subfield code="a">[New York,</subfield>
            <subfield code="b">AMS Press,</subfield>
            <subfield code="c">1973]</subfield>
          </datafield>
          <datafield tag="300" ind1=" " ind2=" ">
            <subfield code="a">ix, 273 p.</subfield>
            <subfield code="b">front.</subfield>
            <subfield code="c">23 cm.</subfield>
          </datafield>
          <datafield tag="350" ind1=" " ind2=" ">
            <subfield code="a">$12.50</subfield>
          </datafield>
          <datafield tag="600" ind1="1" ind2="0">
            <subfield code="a">Shakespeare, William,</subfield>
            <subfield code="d">1564-1616</subfield>
            <subfield code="x">Homes and haunts</subfield>
            <subfield code="z">England</subfield>
            <subfield code="z">Warwickshire.</subfield>
          </datafield>
          <datafield tag="650" ind1=" " ind2="0">
            <subfield code="a">Dramatists, English</subfield>
            <subfield code="x">Homes and haunts</subfield>
            <subfield code="z">England</subfield>
            <subfield code="z">Warwickshire.</subfield>
          </datafield>
          <datafield tag="600" ind1="1" ind2="0">
            <subfield code="a">Shakespeare, William,</subfield>
            <subfield code="d">1564-1616</subfield>
            <subfield code="x">Contemporaries.</subfield>
          </datafield>
          <datafield tag="650" ind1=" " ind2="0">
            <subfield code="a">Dramatists, English</subfield>
            <subfield code="y">Early modern, 1500-1700</subfield>
            <subfield code="x">Biography.</subfield>
          </datafield>
          <datafield tag="651" ind1=" " ind2="0">
            <subfield code="a">Warwickshire (England)</subfield>
            <subfield code="x">Intellectual life</subfield>
            <subfield code="y">16th century.</subfield>
          </datafield>
          <datafield tag="651" ind1=" " ind2="0">
            <subfield code="a">Stratford-upon-Avon (England)</subfield>
            <subfield code="v">Biography.</subfield>
          </datafield>
          <datafield tag="651" ind1=" " ind2="0">
            <subfield code="a">Warwickshire (England)</subfield>
            <subfield code="x">Biography.</subfield>
          </datafield>
          <datafield tag="952" ind1=" " ind2=" ">
            <subfield code="a">*bp49 030 06-07-91</subfield>
          </datafield>
          <datafield tag="991" ind1=" " ind2=" ">
            <subfield code="b">c-GenColl</subfield>
            <subfield code="h">PR2911</subfield>
            <subfield code="i">.S7 1973</subfield>
            <subfield code="p">00058112033</subfield>
            <subfield code="t">Copy 1</subfield>
            <subfield code="w">BOOKS</subfield>
          </datafield>
        </record>
      </zs:recordData>
      <zs:recordPosition>16</zs:recordPosition>
    </zs:record>